<?xml version="1.0" encoding="UTF-8"?><collection xmlns="http://www.loc.gov/MARC21/slim"><record><leader>00647nam--2200193-u-4500</leader><controlfield tag="001">000053544</controlfield><controlfield tag="002">20161230</controlfield><controlfield tag="005">20161230201051</controlfield><controlfield tag="008">110413s1000------------r-----000-0-fre-d</controlfield><datafield ind1=" " ind2=" " tag="040"><subfield code="a">IFIN-HH</subfield></datafield><datafield ind1=" " ind2=" " tag="041"><subfield code="a">fre</subfield></datafield><datafield ind1=" " ind2=" " tag="080"><subfield code="a">535.371</subfield></datafield><datafield ind1="1" ind2=" " tag="100"><subfield code="a">Perrin, Francis</subfield></datafield><datafield ind1="1" ind2="0" tag="245"><subfield code="a">Fluorescence duree elementaire d'emission lumineuse</subfield><subfield code="b">Conference faite au conservatoire mational des arts et metiers le 28 avril 1931</subfield><subfield code="c">Francis perrin</subfield></datafield><datafield ind1=" " ind2=" " tag="260"><subfield code="a">Paris</subfield><subfield code="b">Librairie Scientificque Hermann Et Cie</subfield><subfield code="c">1931</subfield></datafield><datafield ind1=" " ind2=" " tag="300"><subfield code="a">44P</subfield></datafield><datafield ind1=" " ind2=" " tag="490"><subfield code="a">Conferences D'Actualites Scientifiques Et Industrielles</subfield><subfield code="v">Xxii</subfield></datafield><datafield ind1=" " ind2=" " tag="852"><subfield code="a">1674</subfield><subfield code="c">535.37</subfield></datafield><datafield ind1=" " ind2=" " tag="CAT"><subfield code="a">Sys</subfield><subfield code="c">20110413</subfield><subfield code="h">123609</subfield></datafield></record></collection>